@online{ web:Acl,
	author = {{Jan Daciuk, Bruce W. Watson, Stoyan Mihov, Richard E. Watson}},
	title = {Incremental Construction of Minimal Acyclic Finite-State Automata},
	urldate = {2020-11-01},
	year = {2000},
	url = {https://www.aclweb.org/anthology/J00-1002.pdf}
}

@online{ web:Acl2,
	author = {{Neil Henning}},
	title = {A simple one header hashmap implementation for C/C++},
	urldate = {2020-11-01},
	url = {https://github.com/sheredom/hashmap.h}
}

@online{ web:Acl3,
	author = {{Maxime Crochemore, Renaud VÃ©rin}},
	title = {On Compact Directed Acyclic Word Graphs},
	urldate = {2020-11-01},
	year = {2013-02-13},
	url = {https://hal-upec-upem.archives-ouvertes.fr/hal-00620801/document}
}